@article{Healy2016Loss,
    title = {{ CO 2 Laser-Induced Directional Recrystallization to Produce Single Crystal Silicon-Core Optical Fibers with Low Loss }},
    year = {2016},
    journal = {Advanced Optical Materials},
    author = {Healy, Noel and Fokine, Michael and Franz, Yohann and Hawkins, Thomas and Jones, Maxwell and Ballato, John and Peacock, Anna C. and Gibson, Ursula J.},
    number = {7},
    pages = {1004--1008},
    volume = {4},
    doi = {10.1002/adom.201500784}
}

@article{Schmidt2010,
    title = {{ Growth, Thermodynamics, and Electrical Properties of Silicon Nanowires † }},
    year = {2010},
    journal = {Chemical Reviews},
    author = {Schmidt, V. and Wittemann, J. V. and G{\"{o}}sele, U.},
    number = {1},
    pages = {361--388},
    volume = {110},
    doi = {10.1021/cr900141g},
    issn = {0009-2665},
    pmid = {20070117}
}

@article{Zekry19881-S2.0-0038110188900901-Main.Pdf,
    title = {{<1-S2.0-0038110188900901-Main.Pdf>}},
    year = {1988},
    author = {Zekry, A},
    number = {1},
    pages = {91--97},
    volume = {31}
}

@article{Ran2011AHeterostructure,
    title = {{A Method for measuring the specific interface resistivity between two semiconductor layers and its application to a heavily doped n-type InP / GaInAs heterostructure}},
    year = {2011},
    author = {Ran, Halevy},
    number = {June}
}

@techreport{2011AHeterostructure,
    title = {{A Method for measuring the specific interface resistivity between two semiconductor layers and its application to a heavily doped n-type InP/GaInAs heterostructure}},
    year = {2011}
}

@article{Healy2018AFibres,
    title = {{A review of materials engineering in silicon-based optical fibres}},
    year = {2018},
    journal = {Semiconductor Science and Technology},
    author = {Healy, Noel and Gibson, Ursula and Peacock, Anna C.},
    number = {2},
    volume = {33},
    publisher = {IOP Publishing},
    doi = {10.1088/1361-6641/aaa143},
    issn = {13616641},
    keywords = {electronic, semiconductor, silicon}
}

@article{Park2017AApplication,
    title = {{A Review of Wet Chemical Etching of Glasses in Hydrofluoric Acid based Solution for Thin Film Silicon Solar Cell Application}},
    year = {2017},
    author = {Park, Hyeongsik and Hyun, Jae and Jun, Cho and Jung, Hee and Phong, Pham and Anh, Duy and Tuan, Huy and Junsin, Le},
    number = {3},
    pages = {75--82},
    volume = {5},
    keywords = {chemical, hydrofluoric acid, light trapping, solar cell, thin film, wet etching}
}

@techreport{Gonzalez-DiazAUp,
    title = {{A robust method to determine the contact resistance using the van der Pauw set up}},
    author = {Gonz{\'{a}}lez-D{\'{i}}az, G and Pastor, D and Garc{\'{i}}a-Hemme, E and Montero, D and Garc{\'{i}}a-Hernansanz, R and Olea, J and Del Prado, A and San Andr{\'{e}}s, E and M{\'{a}}rtil, I}
}

@article{PastorASpain,
    title = {{A robust method to determine the contact resistance using the van der Pauw set up . Dept . de F{\'{i}}sica Aplicada III ( Electricidad y Electr{\'{o}}nica ), Univ . Complutense de Madrid , CEI Campus Moncloa , UCM-UPM , 28040 Madrid , Spain}},
    author = {Pastor, D and Montero, D and Olea, J and Prado, A and Andr{\'{e}}s, E San and M{\'{a}}rtil, I},
    pages = {1--18}
}

@article{Tomita2013ADevices,
    title = {{A Study on Formation of High Resistivity Phases of Nickel Silicide at Small Area and its Solution for Scaled CMOS Devices}},
    year = {2013},
    author = {Tomita, R.},
    pages = {1--64}
}

@article{Gibson2013AlkalineFibers,
    title = {{Alkaline oxide modifiers for the production of semiconductor fibers}},
    year = {2013},
    author = {Gibson, Ursula and Dibbs, Andrew and Eraker, Andreas and Hawkins, Thomas and Ballato, John},
    pages = {W1.3},
    doi = {10.1364/wsof.2013.w1.3}
}

@article{Card1976Aluminum-SiliconCircuits,
    title = {{Aluminum-Silicon Schottky Barriers and Ohmic Contacts in Integrated Circuits}},
    year = {1976},
    journal = {IEEE Transactions on Electron Devices},
    author = {Card, Howard C.},
    doi = {10.1109/T-ED.1976.18449},
    issn = {15579646}
}

@article{Martinsen2014BulkMicrowires,
    title = {{Bulk fabrication and properties of solar grade silicon microwires}},
    year = {2014},
    journal = {APL Materials},
    author = {Martinsen, F. A. and Ballato, J. and Hawkins, T. and Gibson, U. J.},
    number = {11},
    volume = {2},
    doi = {10.1063/1.4902140},
    issn = {2166532X}
}

@article{Swartzendruber1964CalculationsSamples,
    title = {{Calculations for Comparing Two-Point and Four-Point Probe Resistivity Measurements on Rectangular Bar-Shaped Semiconductor Samples}},
    year = {1964},
    journal = {National Bureau of Standards},
    author = {Swartzendruber, Lydon J},
    pages = {1--3},
    url = {https://www.govinfo.gov/content/pkg/GOVPUB-C13-a3ad3012e4fc2905e0b4131d9c893343/pdf/GOVPUB-C13-a3ad3012e4fc2905e0b4131d9c893343.pdf},
    keywords = {http://archive.org/details/calculationsforc241swar}
}

@article{Li2012CharacterizationTechnique,
    title = {{Characterization of Semiconductor Surface Conductivity by Using Microscopic Four-Point Probe Technique}},
    year = {2012},
    journal = {Physics Procedia},
    author = {Li, J. C. and Wang, Y. and Ba, D. C.},
    pages = {347--355},
    volume = {32},
    isbn = {9781627487481},
    doi = {10.1016/j.phpro.2012.03.568},
    issn = {18753892},
    keywords = {Focused ion beam deposition, Microscopic four-point probes, probe fabrication, surface conductivity}
}

@article{Li2012CharacterizationTechniqueb,
    title = {{Characterization of Semiconductor Surface Conductivity by Using Microscopic Four-Point Probe Technique}},
    year = {2012},
    journal = {Physics Procedia},
    author = {Li, J. C. and Wang, Y. and Ba, D. C.},
    pages = {347--355},
    volume = {32},
    isbn = {9781627487481},
    doi = {10.1016/j.phpro.2012.03.568},
    issn = {18753892},
    keywords = {Focused ion beam deposition, Microscopic four-point probes, probe fabrication, surface conductivity}
}

@article{SchwartzChemicalHC2H30,
    title = {{Chemical Etching of Germanium in Solutions of HF, HNO3, H20, and HC2H30}},
    author = {Schwartz, B and Robbins, H},
    pages = {196--201},
    doi = {10.1149/1.2426082},
    issn = {19457111}
}

@article{Sacher1991CommentPassivation,
    title = {{Comment on Mechanism of HF etching of silicon surfaces: A theoretical understanding of hydrogen passivation}},
    year = {1991},
    journal = {Physical Review Letters},
    author = {Sacher, E. and Yelon, A.},
    number = {12},
    pages = {1647},
    volume = {66},
    doi = {10.1103/PhysRevLett.66.1647},
    issn = {00319007}
}

@article{Wang2018CompositionSpectroscopy,
    title = {{Composition and strain analysis of Si 1-x Ge x core fiber with Raman spectroscopy}},
    year = {2018},
    journal = {AIP Advances},
    author = {Wang, Dongyang and Chen, Na and Chen, Zhenyi and Zhao, Ziwen and Pang, Fufei and Wang, Tingyun},
    number = {6},
    volume = {8},
    doi = {10.1063/1.5034408},
    issn = {21583226}
}

@article{Zimney2007CorrectionStudy,
    title = {{Correction factors for 4-probe electrical measurements with finite size electrodes and material anisotropy: A finite element study}},
    year = {2007},
    journal = {Measurement Science and Technology},
    author = {Zimney, E. J. and Dommett, G. H.B. and Ruoff, R. S. and Dikin, D. A.},
    number = {7},
    month = {7},
    pages = {2067--2073},
    volume = {18},
    publisher = {Institute of Physics Publishing},
    doi = {10.1088/0957-0233/18/7/037},
    issn = {13616501},
    keywords = {Anisotropy, Correction factor, Electrical resistance, Finite element model, Four-probe method, Interface resistance}
}

@article{EpoxyTechnologyCureMatters,
    title = {{Cure Matters}},
    author = {{Epoxy Technology}},
    url = {http://www.epotek.com/site/files/brochures/pdfs/Cure_Matters_Final.pdf}
}

@article{NUTT1984DefectsWhiskers,
    title = {{Defects in Silicon Carbide Whiskers}},
    year = {1984},
    journal = {Journal of the American Ceramic Society},
    author = {NUTT, S. R.},
    number = {6},
    pages = {428--431},
    volume = {67},
    doi = {10.1111/j.1151-2916.1984.tb19730.x},
    issn = {15512916}
}

@article{2008DeterminationMeasurements,
    title = {{Determination of diffusion characteristics using two- and four-point probe measurements}},
    year = {2008},
    journal = {Microelectronics Reliability},
    number = {3},
    month = {1},
    pages = {586},
    volume = {26},
    publisher = {Elsevier BV},
    doi = {10.1016/0026-2714(86)90641-4},
    issn = {00262714}
}

@article{Esposito2000DeterminationCrystals,
    title = {{Determination of the resistivity components [formula omitted] and [formula omitted] from multiterminal measurements in [formula omitted] crystals}},
    year = {2000},
    journal = {Journal of Applied Physics},
    author = {Esposito, M. and Muzzi, L. and Sarti, S. and Fastampa, R. and Silva, E.},
    number = {5},
    pages = {2724--2729},
    volume = {88},
    doi = {10.1063/1.1286077},
    issn = {10897550}
}

@article{Engel2016DirectPhotosynthesis,
    title = {{Direct contact four-point probe characterization of Si microwire absorbers for artificial photosynthesis}},
    year = {2016},
    journal = {RSC Advances},
    author = {Engel, J. T. and Blaikie, B. E. and Kumar, A. and Casta{\~{n}}eda, A. and Gupta, A. and Oliver, D. R.},
    doi = {10.1039/c6ra23534d},
    issn = {20462069}
}

@article{Postek2015DoesMitigation,
    title = {{Does your SEM really tell the truth? How would you know? Part 4: Charging and its mitigation}},
    year = {2015},
    journal = {Scanning Microscopies 2015},
    author = {Postek, Michael T. and Vlad{\'{a}}r, András E.},
    pages = {963605},
    volume = {9636},
    isbn = {978-0-8194-9056-8},
    doi = {10.1117/12.2195344},
    issn = {0277-786X},
    pmid = {28663665}
}

@article{Zhao2017EffectFibre,
    title = {{Effect of annealing temperature on the stress and structural properties of Ge core fibre}},
    year = {2017},
    journal = {Journal of Crystal Growth},
    author = {Zhao, Ziwen and Cheng, Xueli and Xue, Fei and He, Ting and Wang, Tingyun},
    pages = {1--5},
    volume = {473},
    publisher = {Elsevier B.V.},
    url = {http://dx.doi.org/10.1016/j.jcrysgro.2017.04.036},
    doi = {10.1016/j.jcrysgro.2017.04.036},
    issn = {00220248},
    keywords = {Annealing, Crystal quality, Ge core fibre, Residual stress}
}

@article{Zhao2017EffectFiber,
    title = {{Effect of controlling recrystallization from the melt on the residual stress and structural properties of the Silica-clad Ge core fiber}},
    year = {2017},
    journal = {Optical Fiber Technology},
    author = {Zhao, Ziwen and Cheng, Xueli and He, Ting and Xue, Fei and Zhang, Wei and Chen, Na and Wen, Jianxiang and Zeng, Xianglong and Wang, Tingyun},
    pages = {6--10},
    volume = {37},
    publisher = {Elsevier Inc.},
    url = {http://dx.doi.org/10.1016/j.yofte.2017.06.003},
    doi = {10.1016/j.yofte.2017.06.003},
    issn = {10685200},
    keywords = {Ge core fiber, Recrystallization, Residual stress, Structural properties}
}

@misc{Huang1997EffectSuperalloy,
    title = {{Effect of small amount of nitrogen on carbide characteristics in unidirectional Ni-base superalloy}},
    year = {1997},
    booktitle = {Metallurgical and Materials Transactions A: Physical Metallurgy and Materials Science},
    author = {Huang, Xuebing and Zhang, Yun and Liu, Yulin and Hu, Zhuangqi},
    number = {10},
    pages = {2143--2147},
    volume = {28},
    isbn = {0000000154871},
    doi = {10.1007/s11661-997-0172-9},
    issn = {10735623},
    pmid = {27935037},
    arxivId = {arXiv:physics/0608246v3},
    archivePrefix = {arXiv},
    eprint = {0608246v3},
    primaryClass = {physics}
}

@article{Zhao2018EffectsFiber,
    title = {{Effects of annealing on the residual stresses distribution and the structural properties of Si core fiber}},
    year = {2018},
    journal = {Optical Fiber Technology},
    author = {Zhao, Ziwen and Xue, Fei and Mao, Yujizhe and Chen, Na and Wang, Tingyun},
    number = {January},
    pages = {193--199},
    volume = {41},
    publisher = {Elsevier},
    url = {https://doi.org/10.1016/j.yofte.2018.01.016},
    doi = {10.1016/j.yofte.2018.01.016},
    issn = {10685200},
    keywords = {Annealing, Crystal quality, Residual stresses distribution, Si core fiber}
}

@article{Kasl2005EffectsMeasurements,
    title = {{Effects of sample thickness on the van der Pauw technique for resistivity measurements}},
    year = {2005},
    journal = {Review of Scientific Instruments},
    author = {Kasl, C. and Hoch, M. J R},
    isbn = {00346748},
    doi = {10.1063/1.1866232},
    issn = {00346748}
}

@article{Lapointe2014ElectricalFibres,
    title = {{Electrical Characterization of Silicon Cores from Glass-Cladded Fibres}},
    year = {2014},
    author = {Lapointe, Kyle},
    number = {May}
}

@techreport{LapointeElectricalFibres,
    title = {{Electrical Characterization of Silicon Cores from Glass-Cladded Fibres}},
    author = {Lapointe, Kyle}
}

@article{Healy2014ExtremeFibres,
    title = {{Extreme electronic bandgap modification in laser-crystallized silicon optical fibres}},
    year = {2014},
    journal = {Nature Materials},
    author = {Healy, Noel and Mailis, Sakellaris and Bulgakova, Nadezhda M. and Sazio, Pier J.A. and Day, Todd D. and Sparks, Justin R. and Cheng, Hiu Y. and Badding, John V. and Peacock, Anna C.},
    number = {12},
    pages = {1122--1127},
    volume = {13},
    doi = {10.1038/nmat4098},
    issn = {14764660}
}

@article{Press1968FourSemiconductor,
    title = {{Four point probe on cylindrical semiconductor}},
    year = {1968},
    author = {Press, Pergamon and Britain, Great and Then, Let},
    pages = {787--789},
    volume = {11}
}

@misc{Schroder2006FourMeasurements,
    title = {{Four Point Probe Resistivity Measurements}},
    year = {2006},
    booktitle = {Pveducation.Org},
    author = {Schroder, Dieter},
    url = {http://www.pveducation.org/biblio?f[author]=205}
}

@article{Miccoli2015FourReview,
    title = {{Four Point Probe Review}},
    year = {2015},
    author = {Miccoli, I.},
    pages = {1--3},
    isbn = {6426392065},
    keywords = {4 point probe techniques, an interdisciplinary characterization, bulk and surface resistivity, can be precisely, correction factor, derived from the resistance, from, fundamental physical property and, measured via the four-point, nanostructures, parasitic contact resistances, probe technique excluding contributions, solid-state matter is a, the electrical conductivity of, this method has become, through the ages}
}

@misc{Topsoe1991GeometricCorrection,
    title = {{geometric correction}},
    year = {1991},
    booktitle = {Neoplasma},
    author = {Topsoe, Haldor},
    number = {1},
    pages = {109--117},
    volume = {38},
    issn = {00282685}
}

@article{Ilse2014GeometricalMeasurements,
    title = {{Geometrical correction factors for finite-size probe tips in microscopic four-point-probe resistivity measurements}},
    year = {2014},
    journal = {Journal of Applied Physics},
    author = {Ilse, Klemens and T{\"{a}}nzer, Tommy and Hagendorf, Christian and Turek, Marko},
    doi = {10.1063/1.4903964},
    issn = {10897550}
}

@article{Park2010Geometry-Nanowires,
    title = {{Geometry- and size-dependence of electrical properties of metal contacts on semiconducting nanowires}},
    year = {2010},
    journal = {Journal of Applied Physics},
    author = {Park, Hongsik and Beresford, Roderic and Hong, Seungbum and Xu, Jimmy},
    number = {9},
    pages = {94308},
    volume = {108},
    url = {https://doi.org/10.1063/1.3499698},
    doi = {10.1063/1.3499698}
}

@article{Park2010Geometry-Nanowiresb,
    title = {{Geometry- and size-dependence of electrical properties of metal contacts on semiconducting nanowires}},
    year = {2010},
    journal = {Journal of Applied Physics},
    author = {Park, Hongsik and Beresford, Roderic and Hong, Seungbum and Xu, Jimmy},
    doi = {10.1063/1.3499698},
    issn = {00218979}
}

@article{Mayer1984GoldDevices,
    title = {{Gold contacts to semiconductor devices}},
    year = {1984},
    journal = {Gold Bulletin},
    author = {Mayer, James W.},
    number = {1},
    pages = {18--26},
    volume = {17},
    doi = {10.1007/BF03214672},
    issn = {00171557}
}

@article{Rose2015GrindingPolishing,
    title = {{Grinding and Polishing}},
    year = {2015},
    journal = {Scientific American},
    author = {Rose, Joshua},
    number = {31supp},
    pages = {488--489},
    volume = {2},
    doi = {10.1038/scientificamerican07291876-488csupp},
    issn = {0036-8733}
}

@phdthesis{KristinKristin_thesis_final,
    title = {{kristin{\_}thesis{\_}final}},
    author = {{Kristin}},
    school = {NTNU}
}

@article{Coucheron2016LaserFibres,
    title = {{Laser recrystallization and inscription of compositional microstructures in crystalline SiGe-core fibres}},
    year = {2016},
    journal = {Nature Communications},
    author = {Coucheron, David A. and Fokine, Michael and Patil, Nilesh and Breiby, Dag Werner and Buset, Ole Tore and Healy, Noel and Peacock, Anna C. and Hawkins, Thomas and Jones, Max and Ballato, John and Gibson, Ursula J.},
    pages = {1--9},
    volume = {7},
    publisher = {Nature Publishing Group},
    url = {http://dx.doi.org/10.1038/ncomms13265},
    doi = {10.1038/ncomms13265},
    issn = {20411723}
}

@article{Fokine2017LaserFibers,
    title = {{Laser structuring, stress modification and Bragg grating inscription in silicon-core glass fibers}},
    year = {2017},
    journal = {Optical Materials Express},
    author = {Fokine, Michael and Theodosiou, Antreas and Song, Seunghan and Hawkins, Thomas and Ballato, John and Kalli, Kyriacos and Gibson, Ursula J.},
    number = {5},
    pages = {1589},
    volume = {7},
    url = {https://www.osapublishing.org/abstract.cfm?URI=ome-7-5-1589},
    doi = {10.1364/OME.7.001589},
    issn = {2159-3930}
}

@book{D.K.Schroder2006MATERIALEdition,
    title = {{MATERIAL AND DEVICE SEMICONDUCTOR MATERIAL AND DEVICE Third Edition}},
    year = {2006},
    booktitle = {Physics Today},
    author = {{D. K. Schroder}},
    number = {4},
    pages = {790},
    volume = {44},
    url = {http://www.wiley.com/WileyCDA/WileyTitle/productCd-0471739065.html},
    isbn = {9780471739067},
    doi = {10.1063/1.2810086},
    issn = {00319228},
    arxivId = {arXiv:cond-mat/0408133v1},
    archivePrefix = {arXiv},
    eprint = {0408133v1},
    primaryClass = {cond-mat}
}

@article{Series2005MeasuringSource,
    title = {{Measuring the Resistivity and Determining the Conductivity Type of Semiconductor Materials Using a Four-Point Collinear Probe and the Model 6221 DC and AC Current Source}},
    year = {2005},
    journal = {Source},
    author = {Series, Application Note},
    number = {2615},
    pages = {1--4},
    isbn = {8135733755},
    doi = {10.1007/s10654-011-9558-5}
}

@techreport{RhoderickMetal-SemiconductorEDITION,
    title = {{Metal-Semiconductor Contacts SECOND EDITION}},
    author = {Rhoderick, E H and Williams, R H}
}

@article{Simoen2007MetalsGermanium,
    title = {{Metals in germanium}},
    year = {2007},
    journal = {Germanium-Based Technologies},
    author = {Simoen, Eddy and Claeys, Cor},
    pages = {131--185},
    volume = {9},
    isbn = {9780080449531},
    doi = {10.1016/B978-008044953-1/50009-0},
    keywords = {electronic levels, germanium, metal impurities}
}

@misc{Method_E.Pdf,
    title = {{Method{\_}E.Pdf}}
}

@book{No,
    title = {{No Title زراعت غلات}},
    author = {{سیادت سعید}},
    isbn = {9780080449531}
}

@article{NoTitle,
    title = {{No Titleヒドロキシアパタイト超微細結晶の水熱合成}}
}

@article{Lieten2008OhmicGe,
    title = {{Ohmic contact formation on n-type Ge}},
    year = {2008},
    journal = {Applied Physics Letters},
    author = {Lieten, R. R. and Degroote, S. and Kuijk, M. and Borghs, G.},
    number = {2},
    pages = {2006--2009},
    volume = {92},
    doi = {10.1063/1.2831918},
    issn = {00036951}
}

@article{Northrop1971OhmicSilicon,
    title = {{Ohmic contacts between evaporated aluminium and n-type silicon}},
    year = {1971},
    journal = {Nuclear Instruments and Methods},
    author = {Northrop, D. C. and Puddy, D. C.},
    doi = {10.1016/0029-554X(71)90021-8},
    issn = {0029554X}
}

@article{Gallacher2012OhmicResistivity,
    title = {{Ohmic contacts to n-type germanium with low specific contact resistivity}},
    year = {2012},
    journal = {Applied Physics Letters},
    author = {Gallacher, K. and Velha, P. and Paul, D. J. and MacLaren, I. and Myronov, M. and Leadley, D. R.},
    number = {2},
    pages = {1--4},
    volume = {100},
    doi = {10.1063/1.3676667},
    issn = {00036951}
}

@article{Nelson1996OhmicSilicon-germanium,
    title = {{Ohmic contacts to n-type silicon-germanium}},
    year = {1996},
    journal = {Applied Physics Letters},
    author = {Nelson, S. F. and Jackson, T. N.},
    doi = {10.1063/1.117246},
    issn = {00036951}
}

@article{Nelson1996OhmicSilicongermanium,
    title = {{Ohmic contacts to n‐type silicon‐germanium}},
    year = {1996},
    journal = {Applied Physics Letters},
    author = {Nelson, S F and Jackson, T N},
    number = {23},
    pages = {3563--3565},
    volume = {69},
    url = {https://doi.org/10.1063/1.117246},
    doi = {10.1063/1.117246}
}

@techreport{SemiconductorResistivitySilicon,
    title = {{Resistivity and Carrier Transport Parameters in Silicon}},
    author = {Semiconductor, Virginia},
    url = {www.vriginiasemi.com,}
}

@techreport{ValdestResistivityTransistors,
    title = {{Resistivity Measurements on Germanium for Transistors*}},
    author = {Valdest, L B}
}

@article{Product2015SafetySheet,
    title = {{Safety Data Sheet}},
    year = {2015},
    author = {Product, Section and Information, Company and Kit, Gene},
    number = {5},
    pages = {1--4}
}

@article{vanOpdorp1969Si-GeHeterojunctions,
    title = {{Si-Ge Isotype Heterojunctions}},
    year = {1969},
    author = {van Opdorp, C. J. M.},
    number = {1969},
    pages = {108},
    doi = {10.6100/IR137472}
}

@techreport{Song2017Si/GaSbFiber,
    title = {{Si/GaSb Micro Core Glass fiber}},
    year = {2017},
    author = {Song, Seunghan},
    keywords = {Master's Thesis, NTNU}
}

@article{Peacock2016SiliconFuture,
    title = {{Silicon optical fibres–past, present, and future}},
    year = {2016},
    journal = {Advances in Physics: X},
    author = {Peacock, A. C. and Gibson, U. J. and Ballato, J.},
    number = {1},
    pages = {114--127},
    volume = {1},
    publisher = {Taylor {\&} Francis},
    url = {http://dx.doi.org/10.1080/23746149.2016.1146085},
    doi = {10.1080/23746149.2016.1146085},
    issn = {23746149},
    keywords = {42.70.Nq: Optical Materials: Other nonlinear optic, 42.81.Bm: Fiber optics: Fabrication, cladding, and, 42.81.Dp: Fiber optics: Propagation, scattering, a, 81.05.Cy: Materials science: Elemental semiconduct, Optical fibres, fibre fabrication, fibre materials, semiconductor materials, silicon photonics}
}

@article{Ji2017Single-crystalCrystallization,
    title = {{Single-crystal silicon optical fiber by direct laser crystallization}},
    year = {2017},
    journal = {ACS Photonics},
    author = {Ji, Xiaoyu and Lei, Shiming and Yu, Shih Ying and Cheng, Hiu Yan and Liu, Wenjun and Poilvert, Nicolas and Xiong, Yihuang and Dabo, Ismaila and Mohney, Suzanne E. and Badding, John V. and Gopalan, Venkatraman},
    number = {1},
    pages = {85--92},
    volume = {4},
    doi = {10.1021/acsphotonics.6b00584},
    issn = {23304022},
    keywords = {Chemical vapor deposition, Crystal growth, Laser crystallization, Optical fiber, Optoelectronics, Silicon photonics}
}

@article{Smits,
    title = {{smits}}
}

@article{Lueth2010SolidFilms,
    title = {{Solid Surfaces, Interfaces and Thin Films}},
    year = {2010},
    journal = {Chemistry {\&}amp;},
    author = {Lueth, Hans},
    pages = {577},
    url = {http://www.springerlink.com/index/10.1007/978-3-642-13592-7%5Cnhttp://onlinelibrary.wiley.com/doi/10.1002/cbdv.200490137/abstract%5Cnhttp://books.google.com/books?hl=en&amp;lr=&amp;id=j2Ieg3y2lqUC&amp;oi=fnd&amp;pg=PR5&amp;dq=Solid+Surfaces,+Interfaces+an},
    isbn = {978-3-642-13591-0},
    doi = {10.1007/978-3-642-13592-7},
    issn = {1098-6596},
    pmid = {25246403},
    arxivId = {arXiv:1011.1669v3},
    keywords = {and advanced-level, both pure and applied, duate texts in physics, fields within physics, graduate texts in physics, of current and emerging, publishes core learning, teaching material for graduate-, undergraduate courses on topics}
}

@article{Mak1989SpecificArsenide,
    title = {{Specific contact resistance measurements on semiconductors Related content Influence of doping density and deposition technology on ohmic contacts to n-type gallium arsenide}},
    year = {1989},
    journal = {J. Phys. E: Sci. Instrum.},
    author = {Mak, L K and Rogers, C M and Northrop, D C},
    number = {22},
    pages = {317--329},
    url = {https://iopscience.iop.org/article/10.1088/0022-3735/22/5/010/pdf}
}

@book{ImpactSpringerTechnologies,
    title = {{Springer Series in Materials Science 270 Metal Impurities in Silicon- and Technologies}},
    author = {Impact, Device},
    isbn = {9783319939247}
}

@article{J.Bardeen1947SurfaceContact,
    title = {{Surface states and rectification at metal-semiconductor contact}},
    year = {1947},
    journal = {Physical review},
    author = {{J. Bardeen}},
    number = {10},
    pages = {717--727},
    volume = {71},
    isbn = {978-0-08-006511-3},
    doi = {10.1103/PhysRev.71.717},
    issn = {0031-899X},
    pmid = {25246403},
    arxivId = {arXiv:1011.1669v3},
    keywords = {John Bardeen}
}

@article{Sun2006SurfaceSolutions,
    title = {{Surface termination and roughness of Ge(100) cleaned by HF and HCl solutions}},
    year = {2006},
    journal = {Applied Physics Letters},
    author = {Sun, Shiyu and Sun, Yun and Liu, Zhi and Lee, Dong Ick and Peterson, Samuel and Pianetta, Piero},
    number = {2},
    pages = {1--3},
    volume = {88},
    doi = {10.1063/1.2162699},
    issn = {00036951}
}

@misc{Miccoli2015TheSystems,
    title = {{The 100th anniversary of the four-point probe technique: The role of probe geometries in isotropic and anisotropic systems}},
    year = {2015},
    booktitle = {Journal of Physics Condensed Matter},
    author = {Miccoli, I. and Edler, F. and Pfn{\"{u}}r, H. and Tegenkamp, C.},
    number = {22},
    month = {6},
    volume = {27},
    publisher = {Institute of Physics Publishing},
    doi = {10.1088/0953-8984/27/22/223201},
    issn = {1361648X},
    keywords = {bulk and surface resistivity, correction factor, four-point probe techniques, nanostructures}
}

@article{Miccoli2015TheSystemsb,
    title = {{The 100th anniversary of the four-point probe technique: The role of probe geometries in isotropic and anisotropic systems}},
    year = {2015},
    journal = {Journal of Physics Condensed Matter},
    author = {Miccoli, I. and Edler, F. and Pfn{\"{u}}r, H. and Tegenkamp, C.},
    number = {22},
    volume = {27},
    doi = {10.1088/0953-8984/27/22/223201},
    issn = {1361648X},
    keywords = {bulk and surface resistivity, correction factor, four-point probe techniques, nanostructures}
}

@article{Olesinski1984TheArt3A10.10072FBF02868957.pdf,
    title = {{The Ge{\&}{\#}x2212;Si (Germanium-Silicon) system - art{\%}3A10.1007{\%}2FBF02868957.pdf}},
    year = {1984},
    journal = {Bulletin of Alloy Phase Diagrams},
    author = {Olesinski, R. W. and Abbaschian, G. J.},
    number = {2},
    pages = {180--183},
    volume = {5}
}

@article{Mansfield1956The9,
    title = {{The hall effect in semiconductors [9]}},
    year = {1956},
    journal = {Proceedings of the Physical Society. Section B},
    author = {Mansfield, R.},
    number = {8},
    pages = {862--865},
    volume = {69},
    doi = {10.1088/0370-1301/69/8/122},
    issn = {03701301}
}

@article{Colinge1997TiSiAnd,
    title = {{TiSi 2 , CoSi 2 , and}},
    year = {1997},
    author = {Colinge, J},
    volume = {144}
}

@article{Liu2013UnexpectedlyAcid,
    title = {{Unexpectedly High Etching Rate of Highly Doped n-Type Crystalline Silicon in Hydrofluoric Acid}},
    year = {2013},
    journal = {ECS Journal of Solid State Science and Technology},
    author = {Liu, L. and Lin, F. and Heinrich, M. and Aberle, A. G. and Hoex, B.},
    number = {9},
    pages = {P380-P383},
    volume = {2},
    doi = {10.1149/2.026309jss},
    issn = {2162-8769}
}

@article{Spierings1993WetSolutions,
    title = {{Wet chemical etching of silicate glasses in hydrofluoric acid based solutions}},
    year = {1993},
    journal = {Journal of Materials Science},
    author = {Spierings, G. A.C.M.},
    number = {23},
    pages = {6261--6273},
    volume = {28},
    doi = {10.1007/BF01352182},
    issn = {00222461}
}